<?xml version="1.0" encoding="UTF-8"?><collection xmlns="http://www.loc.gov/MARC21/slim"><record><leader>00420nam--2200121-i-4500</leader><controlfield tag="001">000001248</controlfield><controlfield tag="002">20161230</controlfield><controlfield tag="005">20161230201024</controlfield><controlfield tag="008">060222s1000------------r-----000-0-eng-d</controlfield><datafield ind1=" " ind2=" " tag="100"><subfield code="a">Hellman, H., Opitz, G</subfield></datafield><datafield ind1=" " ind2=" " tag="245"><subfield code="a">Alpha-aminoalkylierung.darstellung und eigenschaften der kondensationsprodukte. h-acide stoffe mit carbonylverbindungen und aminen</subfield></datafield><datafield ind1=" " ind2=" " tag="260"><subfield code="a">Weinheim, Verlag Chemie, Gmbh, 1960. Xi + 336 P</subfield></datafield><datafield ind1=" " ind2=" " tag="852"><subfield code="a">17428</subfield></datafield></record></collection>